<record><leader>00000cas a2200000 a 4500</leader><controlfield tag="001">25864620</controlfield><controlfield tag="008">920522d19311931iluwr ne      0   a0eng c</controlfield><datafield ind1=" " ind2=" " tag="010"><subfield code="a">sn 92053875 </subfield></datafield><datafield ind1=" " ind2=" " tag="040"><subfield code="a">NVF</subfield><subfield code="b">eng</subfield><subfield code="c">NVF</subfield><subfield code="d">OCLCQ</subfield><subfield code="d">NVF</subfield><subfield code="d">OCLCQ</subfield><subfield code="d">NVF</subfield><subfield code="d">OCLCF</subfield><subfield code="d">OCLCO</subfield></datafield><datafield ind1="1" ind2=" " tag="029"><subfield code="a">AU@</subfield><subfield code="b">000020705641</subfield></datafield><datafield ind1=" " ind2=" " tag="042"><subfield code="a">pcc</subfield></datafield><datafield ind1=" " ind2=" " tag="043"><subfield code="a">n-us-il</subfield></datafield><datafield ind1="0" ind2=" " tag="130"><subfield code="a">Advocate (Pinckneyville, Ill.)</subfield></datafield><datafield ind1="1" ind2="4" tag="245"><subfield code="a">The Advocate.</subfield></datafield><datafield ind1=" " ind2=" " tag="260"><subfield code="a">Pinckneyville, Ill. :</subfield><subfield code="b">W.W. Sims, Sr.,</subfield><subfield code="c">1931.</subfield></datafield><datafield ind1=" " ind2=" " tag="300"><subfield code="a">v.</subfield></datafield><datafield ind1=" " ind2=" " tag="310"><subfield code="a">Weekly</subfield></datafield><datafield ind1="0" ind2=" " tag="362"><subfield code="a">33 years, no. 20 (May 15, 1931)-33 years, no. 35 (Aug. 28, 1931).</subfield></datafield><datafield ind1=" " ind2=" " tag="515"><subfield code="a">Continues the numbering of Pinckneyville advocate.</subfield></datafield><datafield ind1=" " ind2="0" tag="651"><subfield code="a">Pinckneyville (Ill.)</subfield><subfield code="v">Newspapers.</subfield></datafield><datafield ind1=" " ind2="7" tag="655"><subfield code="a">Newspapers.</subfield><subfield code="2">fast</subfield><subfield code="0">(OCoLC)fst01423814</subfield></datafield><datafield ind1=" " ind2="7" tag="651"><subfield code="a">Illinois</subfield><subfield code="z">Pinckneyville.</subfield><subfield code="2">fast</subfield><subfield code="0">(OCoLC)fst01232959</subfield></datafield><datafield ind1=" " ind2=" " tag="752"><subfield code="a">United States</subfield><subfield code="b">Illinois</subfield><subfield code="c">Perry</subfield><subfield code="d">Pinckneyville.</subfield></datafield><datafield ind1="0" ind2="0" tag="780"><subfield code="t">Pinckneyville advocate</subfield><subfield code="w">(DLC)sn 92053874</subfield><subfield code="w">(OCoLC)25864499</subfield></datafield><datafield ind1="0" ind2="0" tag="785"><subfield code="t">Perry County advocate</subfield><subfield code="w">(DLC)sn 88086074</subfield><subfield code="w">(OCoLC)17556871</subfield></datafield></record>